@inproceedings{sahami:1998,
  title={A Bayesian approach to filtering junk e-mail},
  author={Sahami, Mehran and Dumais, Susan and Heckerman, David and Horvitz, Eric},
  booktitle={Learning for Text Categorization: Papers from the 1998 workshop},
  volume={62},
  pages={98--105},
  year={1998}
}


@Misc{google:2015,
  author       = {Research at Google},
  title        = {Artificial Intelligence and Machine Learning},
  howpublished = {http://research.google.com/pubs/ArtificialIntelligenceandMachineLearning.html},
  year         = {2002-2015},
  url          = {http://research.google.com/pubs/ArtificialIntelligenceandMachineLearning.html}
}

@Misc{label:2003,
  author       = {Research at Facebook},
  title        = {Machine Learning},
  howpublished = {https://research.facebook.com/machinelearning},
  year         = {2015},
  url          = {https://research.facebook.com/machinelearning}
}

@article{komendantskaya:2014,
  title={Exploiting parallelism in coalgebraic logic programming},
  author={Komendantskaya, Ekaterina and Schmidt, Martin and Heras, J{\'o}nathan},
  journal={Electronic Notes in Theoretical Computer Science},
  volume={303},
  pages={121--148},
  year={2014},
  publisher={Elsevier}
}

@article{costantini:2014,
  title={Towards active logic programming},
  author={Costantini, Stefania},
  journal={arXiv preprint arXiv:1403.5508},
  year={2014}
}

@article{Archer:1999,
  Author    = {Aaron F. Archer},
  Title     = {A Modern Treatment of the 15 Puzzle},
  Journal   = {The American Mathematical Monthly},
  Year      = {1999},
  Volume    = {106},
  Number    = {9},
  Pages     = {793-799},
  Month     = {November}
}

@Misc{swi:2015,
  author       = {SWI-Prolog},
  title        = {Foreign Language Interface},
  howpublished = {http://www.swi-prolog.org/pldoc/man?section=foreign},
  year         = {2015},
  url          = {http://www.swi-prolog.org/pldoc/man?section=foreign}
}

@Misc{DCG:2015,
  author       = {Wikipedia},
  title        = {Definite Clause Grammar},
  howpublished = {https://en.wikipedia.org/wiki/Definite\_clause\_grammar},
  year         = {2015},
  url          = {https://en.wikipedia.org/wiki/Definite_clause_grammar}
}

@Misc{Dutra:2015b,
  author       = {Inês Dutra},
  title        = {Estratégias de Busca},
  howpublished = {http://www.dcc.fc.up.pt/\~ines/aulas/1415/IA/informados.pdf},
  year         = {2015},
  url          = {http://www.dcc.fc.up.pt/~ines/aulas/1415/IA/informados.pdf}
}

@Misc{Sloane:1964,
  author       = {Neil Sloane},
  title        = {Maximal number of moves required for the n X n generalization of the sliding block 15-puzzle (or fifteen-puzzle)},
  howpublished = {http://oeis.org/A087725},
  url          = {http://oeis.org/A087725}
}

@article{Brungger:1999,
  title        = {The parallel search bench ZRAM and its applications},
  author       = {Br{\"u}ngger, Adrian and Marzetta, Ambros and Fukuda, Komei and Nievergelt, Jurg},
  journal      = {Annals of Operations Research},
  volume       = {90},
  pages        = {45-63},
  year         = {1999},
  publisher    = {Springer}
}

@article{Culberson:1996,
  title        = {Searching with Pattern Databases},
  author       = {Joseph C. Culberson and Jonathan Schaeffer},
  journal      = {Advances in Artificial Intelligence},
  volume       = {11},
  pages        = {402-416},
  year         = {1996},
  publisher    = {Springer}
}
